@inproceedings{Scu15,
  title        = {Hidden technical debt in Machine learning systems},
  author       = {Sculley, D. and Holt, Gary and Golovin, Daniel and Davydov, Eugene and Phillips, Todd and Ebner, Dietmar and Chaudhary, Vinay and Young, Michael and Crespo, Jean-Francois and Dennison, Dan},
  year         = 2015,
  booktitle    = {Proceedings of the 28th International Conference on Neural Information Processing Systems - Volume 2},
  location     = {Montreal, Canada},
  series       = {NIPS'15},
  pages        = {2503–2511}
}

@article{Van14,
  title        = {OpenML: networked science in machine learning},
  author       = {Vanschoren, Joaquin and van Rijn, Jan N. and Bischl, Bernd and Torgo, Luis},
  year         = 2014,
  journal      = {SIGKDD Explor. Newsl.},
  volume       = 15,
  number       = 2,
  pages        = {49–60}
}

@misc{Kre22,
  title        = {Machine Learning Operations (MLOps): Overview, Definition, and Architecture},
  author       = {Dominik Kreuzberger and Niklas Kühl and Sebastian Hirschl},
  year         = 2022,
  url          = {https://arxiv.org/abs/2205.02302},
  eprint       = {2205.02302},
  archiveprefix = {arXiv},
  primaryclass = {cs.LG}
}

@inproceedings{Var16,
  title        = {ModelDB: a system for machine learning model management},
  author       = {Vartak, Manasi and Subramanyam, Harihar and Lee, Wei-En and Viswanathan, Srinidhi and Husnoo, Saadiyah and Madden, Samuel and Zaharia, Matei},
  year         = 2016,
  booktitle    = {Proceedings of the Workshop on Human-In-the-Loop Data Analytics},
  location     = {San Francisco, California},
  series       = {HILDA '16},
  articleno    = 14,
  numpages     = 3
}

@inproceedings{Sch17,
  title        = {Automatically tracking metadata and provenance of machine learning experiments},
  author       = {Sebastian Schelter and Joos-Hendrik Böse and Johannes Kirschnick and Thoralf Klein and Stephan Seufert},
  year         = 2017,
  booktitle    = {NeurIPS 2017}
}

@article{Kum16,
  title        = {Model Selection Management Systems: The Next Frontier of Advanced Analytics},
  author       = {Kumar, Arun and McCann, Robert and Naughton, Jeffrey and Patel, Jignesh M.},
  year         = 2016,
  journal      = {SIGMOD Rec.},
  volume       = 44,
  number       = 4,
  pages        = {17–22}
}

@inproceedings{Joh21,
  title        = {Towards MLOps: A Framework and Maturity Model},
  author       = {John, Meenu Mary and Olsson, Helena Holmström and Bosch, Jan},
  year         = 2021,
  booktitle    = {2021 47th Euromicro Conference on Software Engineering and Advanced Applications (SEAA)},
  pages        = {1--8}
}

@inproceedings{Tam20,
  title        = {Sustainable MLOps: Trends and Challenges},
  author       = {Tamburri, Damian A.},
  year         = 2020,
  booktitle    = {2020 22nd International Symposium on Symbolic and Numeric Algorithms for Scientific Computing (SYNASC)},
  pages        = {17--23}
}

@inproceedings{Sym22,
  title        = {MLOps - Definitions, Tools and Challenges},
  author       = {Symeonidis, Georgios and Nerantzis, Evangelos and Kazakis, Apostolos and Papakostas, George A.},
  year         = 2022,
  booktitle    = {2022 IEEE 12th Annual Computing and Communication Workshop and Conference (CCWC)},
  pages        = {453--460}
}

@book{Tre20,
  title        = {Introducing MLOps},
  author       = {Treveil, M. and Omont, N. and Stenac, C. and Lefevre, K. and Phan, D. and Zentici, J. and Lavoillotte, A. and Miyazaki, M. and Heidmann, L.},
  year         = 2020,
  publisher    = {O'Reilly Media}
}

@article{Kar20,
  title        = {Applying DevOps practices of continuous automation for machine learning},
  author       = {Karamitsos, Ioannis and Albarhami, Saeed and Apostolopoulos, Charalampos},
  year         = 2020,
  journal      = {Information},
  publisher    = {MDPI},
  volume       = 11,
  number       = 7,
  pages        = 363
}

@inproceedings{Zho20,
  title        = {Towards mlops: A case study of ml pipeline platform},
  author       = {Zhou, Yue and Yu, Yue and Ding, Bo},
  year         = 2020,
  booktitle    = {2020 International conference on artificial intelligence and computer engineering (ICAICE)},
  pages        = {494--500},
  organization = {IEEE}
}

@article{All21,
  title        = {What is mlops?},
  author       = {Alla, Sridhar and Adari, Suman Kalyan and Alla, Sridhar and Adari, Suman Kalyan},
  year         = 2021,
  journal      = {Beginning MLOps with MLFlow: Deploy Models in AWS SageMaker, Google Cloud, and Microsoft Azure},
  publisher    = {Springer},
  pages        = {79--124}
}

@article{Ren21,
  title        = {A data quality-driven view of mlops},
  author       = {Renggli, Cedric and Rimanic, Luka and G{\"u}rel, Nezihe Merve and Karla{\v{s}}, Bojan and Wu, Wentao and Zhang, Ce},
  year         = 2021,
  journal      = {arXiv preprint arXiv:2102.07750}
}

@inproceedings{Var18a,
  title        = {Mistique: A system to store and query model intermediates for model diagnosis},
  author       = {Vartak, Manasi and F. da Trindade, Joana M and Madden, Samuel and Zaharia, Matei},
  year         = 2018,
  booktitle    = {Proceedings of the 2018 International Conference on Management of Data},
  pages        = {1285--1300}
}

@article{Tes22,
  title        = {MLOps: a taxonomy and a methodology},
  author       = {Testi, Matteo and Ballabio, Matteo and Frontoni, Emanuele and Iannello, Giulio and Moccia, Sara and Soda, Paolo and Vessio, Gennaro},
  year         = 2022,
  journal      = {IEEE Access},
  publisher    = {IEEE},
  volume       = 10,
  pages        = {63606--63618}
}

@inproceedings{Gar21,
  title        = {On continuous integration/continuous delivery for automated deployment of machine learning models using mlops},
  author       = {Garg, Satvik and Pundir, Pradyumn and Rathee, Geetanjali and Gupta, PK and Garg, Somya and Ahlawat, Saransh},
  year         = 2021,
  booktitle    = {2021 IEEE fourth international conference on artificial intelligence and knowledge engineering (AIKE)},
  pages        = {25--28},
  organization = {IEEE}
}

@article{Spj21,
  title        = {The machine learning life cycle and the cloud: implications for drug discovery},
  author       = {Spjuth, Ola and Frid, Jens and Hellander, Andreas},
  year         = 2021,
  journal      = {Expert opinion on drug discovery},
  publisher    = {Taylor \& Francis},
  volume       = 16,
  number       = 9,
  pages        = {1071--1079}
}

@inproceedings{Gra21a,
  title        = {MLOps challenges in multi-organization setup: Experiences from two real-world cases},
  author       = {Granlund, Tuomas and Kopponen, Aleksi and Stirbu, Vlad and Myllyaho, Lalli and Mikkonen, Tommi},
  year         = 2021,
  booktitle    = {2021 IEEE/ACM 1st Workshop on AI Engineering-Software Engineering for AI (WAIN)},
  pages        = {82--88},
  organization = {IEEE}
}

@article{Gra21b,
  title        = {Towards regulatory-compliant MLOps: Oravizio’s journey from a machine learning experiment to a deployed certified medical product},
  author       = {Granlund, Tuomas and Stirbu, Vlad and Mikkonen, Tommi},
  year         = 2021,
  journal      = {SN computer Science},
  publisher    = {Springer},
  volume       = 2,
  number       = 5,
  pages        = 342
}

@article{Var18b,
  title        = {Modeldb: Opportunities and challenges in managing machine learning models.},
  author       = {Vartak, Manasi and Madden, Samuel},
  year         = 2018,
  journal      = {IEEE Data Eng. Bull.},
  volume       = 41,
  number       = 4,
  pages        = {16--25}
}

@article{Gur22,
  title        = {Advances in time series forecasting development for power systems’ operation with MLOps},
  author       = {G{\"u}rses-Tran, Gonca and Monti, Antonello},
  year         = 2022,
  journal      = {Forecasting},
  publisher    = {MDPI},
  volume       = 4,
  number       = 2,
  pages        = {501--524}
}

@inproceedings{Lim19,
  title        = {$\{$MLOp$\}$ Lifecycle Scheme for Vision-based Inspection Process in Manufacturing},
  author       = {Lim, Junsung and Lee, Hoejoo and Won, Youngmin and Yeon, Hunje},
  year         = 2019,
  booktitle    = {2019 USENIX Conference on Operational Machine Learning (OpML 19)},
  pages        = {9--11}
}

@inproceedings{Wir00,
  title        = {CRISP-DM: Towards a standard process model for data mining},
  author       = {Wirth, R{\"u}diger and Hipp, Jochen},
  year         = 2000,
  booktitle    = {Proceedings of the 4th international conference on the practical applications of knowledge discovery and data mining},
  volume       = 1,
  pages        = {29--39},
  organization = {Manchester}
}

@article{Ido22,
  title        = {Asset Management in Machine Learning: State-of-research and State-of-practice},
  author       = {Idowu, Samuel and Str{\"u}ber, Daniel and Berger, Thorsten},
  year         = 2022,
  journal      = {ACM Computing Surveys},
  publisher    = {ACM New York, NY},
  volume       = 55,
  number       = 7,
  pages        = {1--35}
}

@inproceedings{Bay17,
  title        = {Tfx: A tensorflow-based production-scale machine learning platform},
  author       = {Baylor, Denis and Breck, Eric and Cheng, Heng-Tze and Fiedel, Noah and Foo, Chuan Yu and Haque, Zakaria and Haykal, Salem and Ispir, Mustafa and Jain, Vihan and Koc, Levent and others},
  year         = 2017,
  booktitle    = {Proceedings of the 23rd ACM SIGKDD international conference on knowledge discovery and data mining},
  pages        = {1387--1395}
}

@misc{Sal18,
  title        = {Microsoft AI Platform: Deep Learning with Azure},
  author       = {Salvaris, M and Dean, D and Tok, WH},
  year         = 2018,
  publisher    = {Apress, Berkeley, CA}
}

@inproceedings{Ame19,
  title        = {Software engineering for machine learning: A case study},
  author       = {Amershi, Saleema and Begel, Andrew and Bird, Christian and DeLine, Robert and Gall, Harald and Kamar, Ece and Nagappan, Nachiappan and Nushi, Besmira and Zimmermann, Thomas},
  year         = 2019,
  booktitle    = {2019 IEEE/ACM 41st International Conference on Software Engineering: Software Engineering in Practice (ICSE-SEIP)},
  pages        = {291--300},
  organization = {IEEE}
}

@inproceedings{Fur16,
  title        = {Collective knowledge: Towards R\&D sustainability},
  author       = {Fursin, Grigori and Lokhmotov, Anton and Plowman, Ed},
  year         = 2016,
  booktitle    = {2016 Design, Automation \& Test in Europe Conference \& Exhibition (DATE)},
  pages        = {864--869},
  organization = {IEEE}
}

@article{Tsa22,
  title        = {Enabling Reproducibility and Meta-learning Through a Lifelong Database of Experiments (LDE)},
  author       = {Tsay, Jason and Bartezzaghi, Andrea and Nolte, Aleke and Malossi, Cristiano},
  year         = 2022,
  journal      = {arXiv preprint arXiv:2202.10979}
}

@inproceedings{Sri18,
  title        = {Model governance: Reducing the anarchy of production $\{$ML$\}$},
  author       = {Sridhar, Vinay and Subramanian, Sriram and Arteaga, Dulcardo and Sundararaman, Swaminathan and Roselli, Drew and Talagala, Nisha},
  year         = 2018,
  booktitle    = {2018 USENIX Annual Technical Conference (USENIX ATC 18)},
  pages        = {351--358}
}

@article{Sch15,
  title        = {On challenges in machine learning model management},
  author       = {Sebastian Schelter and Felix Biessmann and Tim Januschowski and David Salinas and Stephan Seufert and Gyuri Szarvas},
  year         = 2015,
  journal      = {IEEE Data Engineering Bulletin}
}

@inproceedings{Mia17,
  title        = {Modelhub: Deep learning lifecycle management},
  author       = {Miao, Hui and Li, Ang and Davis, Larry S and Deshpande, Amol},
  year         = 2017,
  booktitle    = {2017 IEEE 33rd International Conference on Data Engineering (ICDE)},
  pages        = {1393--1394},
  organization = {IEEE}
}

@article{Zha23,
  title        = {Skilful nowcasting of extreme precipitation with NowcastNet},
  author       = {Zhang, Yuchen and Long, Mingsheng and Chen, Kaiyuan and Xing, Lanxiang and Jin, Ronghua and Jordan, Michael I and Wang, Jianmin},
  year         = 2023,
  journal      = {Nature},
  publisher    = {Nature Publishing Group UK London},
  volume       = 619,
  number       = 7970,
  pages        = {526--532}
}

@article{Smi16,
  title        = {Multi-Radar Multi-Sensor (MRMS) severe weather and aviation products: Initial operating capabilities},
  author       = {Smith, Travis M and Lakshmanan, Valliappa and Stumpf, Gregory J and Ortega, Kiel L and Hondl, Kurt and Cooper, Karen and Calhoun, Kristin M and Kingfield, Darrel M and Manross, Kevin L and Toomey, Robert and others},
  year         = 2016,
  journal      = {Bulletin of the American Meteorological Society},
  volume       = 97,
  number       = 9,
  pages        = {1617--1630}
}

@article{Rav21,
  title        = {Skilful precipitation nowcasting using deep generative models of radar},
  author       = {Ravuri, Suman and Lenc, Karel and Willson, Matthew and Kangin, Dmitry and Lam, Remi and Mirowski, Piotr and Fitzsimons, Megan and Athanassiadou, Maria and Kashem, Sheleem and Madge, Sam and others},
  year         = 2021,
  journal      = {Nature},
  publisher    = {Nature Publishing Group UK London},
  volume       = 597,
  number       = 7878,
  pages        = {672--677}
}

@online{wandb,
  title        = {Weights \& Biases: The AI Developer Platform},
  url          = {https://wandb.ai/site},
  urldate      = {2024-11-18}
}

@online{neptuneai,
  title        = {neptune.ai | The experiment tracker for foundation model training},
  url          = {https://neptune.ai/},
  urldate      = {2024-11-18}
}

@online{huggingface,
  title        = {Hugging Face – The AI community building the future.},
  url          = {https://huggingface.co/},
  urldate      = {2024-11-18}
}

@article{Zho24,
  title        = {Scheduling approach for aircraft assembly pulsation production lines with deep reinforcement learning and knowledge transfer (In Chinese)},
  author       = {Zhong, Jincheng and Ma, Haoyu and Long, Mingsheng and Wang, jianmin},
  year         = 2024,
  journal      = {Sci Sin Inform},
  volume       = 54,
  number       = 6,
  pages        = {1441--1457}
}
